@Comment conf.bib
@Comment V1.0 (2010/06/27)
@Comment Copyright (c) 2010 by Yu Zhang
@Comment See: http://code.google.com/p/buptthesis/
@Comment for current contact information.

@Comment BibTeX bibliography string definitions of the FULL titles of
@Comment  conferences.

@Comment communications
@Comment IEEE Global Telecommun. Conf.
@STRING{IEEE_GLOBECOM_2011="2011 {IEEE} " # GLOBECOM # " (GLOBECOM 2011)"} 
@STRING{IEEE_GLOBECOM_2011_ADDR="Houston, USA"}
@STRING{IEEE_GLOBECOM_2011_DATE=dec # " 4--8, "}
@STRING{IEEE_GLOBECOM_2011_RATE="N/A"}

@STRING{IEEE_GLOBECOM_2010="2010 {IEEE} " # GLOBECOM # " (GLOBECOM 2010)"} 
@STRING{IEEE_GLOBECOM_2010_ADDR="Miami, USA"}
@STRING{IEEE_GLOBECOM_2010_DATE=dec # " 6--10, "}
@STRING{IEEE_GLOBECOM_2010_RATE=""}

@STRING{IEEE_GLOBECOM_2009="2009 {IEEE} " # GLOBECOM # " (GLOBECOM 2009)"} 
@STRING{IEEE_GLOBECOM_2009_ADDR="Honolulu, USA"}
@STRING{IEEE_GLOBECOM_2009_DATE=nov # " 30--" # dec # " 4, "}
@STRING{IEEE_GLOBECOM_2008_RATE="34.8\%"}

@STRING{IEEE_GLOBECOM_2008="2008 {IEEE} " # GLOBECOM # " (GLOBECOM 2008)"} 
@STRING{IEEE_GLOBECOM_2008_ADDR="New Orleans, USA"}
@STRING{IEEE_GLOBECOM_2008_DATE=nov # " 30--" # dec # " 4, "}
@STRING{IEEE_GLOBECOM_2008_RATE="36.8\%"}

@STRING{IEEE_GLOBECOM_2007="2007 {IEEE} " # GLOBECOM # " (GLOBECOM 2007)"} 
@STRING{IEEE_GLOBECOM_2007_ADDR="Washington, DC, USA"}
@STRING{IEEE_GLOBECOM_2007_DATE=nov # " 26--30, "}

@STRING{IEEE_GLOBECOM_2006="2006 {IEEE} " # GLOBECOM # " (GLOBECOM 2006)"} 
@STRING{IEEE_GLOBECOM_2006_ADDR="San Francisco, USA"}
@STRING{IEEE_GLOBECOM_2006_DATE=nov # " 27--" # dec # "1, "}

@STRING{IEEE_GLOBECOM_2005="2005 {IEEE} " # GLOBECOM # " (GLOBECOM 2005)"} 
@STRING{IEEE_GLOBECOM_2005_ADDR="St. Louis, USA"}
@STRING{IEEE_GLOBECOM_2005_DATE=nov # " 28--" # dec # "2, "}

@STRING{IEEE_GLOBECOM_2004="2004 {IEEE} " # GLOBECOM # " (GLOBECOM 2004)"} 
@STRING{IEEE_GLOBECOM_2004_ADDR="Dallas, USA"}
@STRING{IEEE_GLOBECOM_2004_DATE=nov # " 29--" # dec # "3, "}

@STRING{IEEE_GLOBECOM_2003="2003 {IEEE} " # GLOBECOM # " (GLOBECOM 2003)"} 
@STRING{IEEE_GLOBECOM_2003_ADDR="San Francisco, USA"}
@STRING{IEEE_GLOBECOM_2003_DATE=dec # " 1--5, "}

@STRING{IEEE_GLOBECOM_2002="2002 {IEEE} " # GLOBECOM # " (GLOBECOM 2002)"} 
@STRING{IEEE_GLOBECOM_2002_ADDR="Taipei, Taiwan"}
@STRING{IEEE_GLOBECOM_2002_DATE=nov # " 17--21, "}

@STRING{IEEE_GLOBECOM_2001="2001 {IEEE} " # GLOBECOM # " (GLOBECOM 2001)"} 
@STRING{IEEE_GLOBECOM_2001_ADDR="San Antonio, USA"}
@STRING{IEEE_GLOBECOM_2001_DATE=nov # " 25--29, "}

@STRING{IEEE_GLOBECOM_2000="2000 {IEEE} " # GLOBECOM # " (GLOBECOM 2000)"} 
@STRING{IEEE_GLOBECOM_2000_ADDR="San Francisco, USA"}
@STRING{IEEE_GLOBECOM_2000_DATE=nov # " 27--" # dec # " 1, "}

@STRING{IEEE_GLOBECOM_1999="1999 {IEEE} " # GLOBECOM # " (GLOBECOM 1999)"} 
@STRING{IEEE_GLOBECOM_1999_ADDR="Rio de Janeiro"}
@STRING{IEEE_GLOBECOM_1999_DATE=dec # " 5--9, "}

@STRING{IEEE_GLOBECOM_1998="1998 {IEEE} " # GLOBECOM # " (GLOBECOM 1998)"}
@STRING{IEEE_GLOBECOM_1998_ADDR="Sydney, Australia"}
@STRING{IEEE_GLOBECOM_1998_DATE=nov # " 8--12, "}

@STRING{IEEE_GLOBECOM_1997="1997 {IEEE} " # GLOBECOM # " (GLOBECOM 1997)"}
@STRING{IEEE_GLOBECOM_1997_ADDR="Phoenix, USA"}
@STRING{IEEE_GLOBECOM_1997_DATE=nov # " 3--8, "}

@STRING{IEEE_GLOBECOM_1996="1996 {IEEE} " # GLOBECOM # " (GLOBECOM 1996)"}
@STRING{IEEE_GLOBECOM_1996_ADDR="London, UK"}
@STRING{IEEE_GLOBECOM_1996_DATE=nov # " 18--22, "}

@STRING{IEEE_GLOBECOM_1995="1995 {IEEE} " # GLOBECOM # " (GLOBECOM 1995)"}
@STRING{IEEE_GLOBECOM_1995_ADDR="Singapore"}
@STRING{IEEE_GLOBECOM_1995_DATE=nov # " 14--16, "}

IEEE Intl. Conf. Commun.
@STRING{IEEE_ICC_2011="2011 {IEEE} " # ICC # " (ICC 2011)"}
@STRING{IEEE_ICC_2011_ADDR="Kyoto, Japan"}
@STRING{IEEE_ICC_2011_DATE=jun # " 5--9, "}

@STRING{IEEE_ICC_2010="2010 {IEEE} " # ICC # " (ICC 2010)"}
@STRING{IEEE_ICC_2010_ADDR="Cape Town, South Africa"}
@STRING{IEEE_ICC_2010_DATE=may # " 23--27, "} 

@STRING{IEEE_ICC_2009="2009 {IEEE} " # ICC # " (ICC 2009)"}
@STRING{IEEE_ICC_2009_ADDR="Dresden, Germany"}
@STRING{IEEE_ICC_2009_DATE=jun # " 14--18, "} 

@STRING{IEEE_ICC_2008="2008 {IEEE} " # ICC # " (ICC 2008)"}
@STRING{IEEE_ICC_2008_ADDR="Beijing, China"}
@STRING{IEEE_ICC_2008_DATE=may # " 19--23, "} 

@STRING{IEEE_ICC_2007="2007 {IEEE} " # ICC # " (ICC 2007)"}
@STRING{IEEE_ICC_2007_ADDR="Glasgow, Scotland"}
@STRING{IEEE_ICC_2007_DATE=jun # " 24--28, "} 

@STRING{IEEE_ICC_2006="2006 {IEEE} " # ICC # " (ICC 2006)"}
@STRING{IEEE_ICC_2006_ADDR="Istanbul, Turkey"}
@STRING{IEEE_ICC_2006_DATE=jun # " 11--15, "} 

@STRING{IEEE_ICC_2005="2005 {IEEE} " # ICC # " (ICC 2005)"}
@STRING{IEEE_ICC_2005_ADDR="Seoul, Korea"}
@STRING{IEEE_ICC_2005_DATE=jun # " 16--20, "} 

@STRING{IEEE_ICC_2004="2004 {IEEE} " # ICC # " (ICC 2004)"}
@STRING{IEEE_ICC_2004_ADDR="Paris, France"}
@STRING{IEEE_ICC_2004_DATE=jun # " 20--24, "} 

@STRING{IEEE_ICC_2003="2003 {IEEE} " # ICC # " (ICC 2003)"}
@STRING{IEEE_ICC_2003_ADDR="Anchorage, USA"}
@STRING{IEEE_ICC_2003_DATE=may # " 11--15, "} 

@STRING{IEEE_ICC_2002="2002 {IEEE} " # ICC # " (ICC 2002)"}
@STRING{IEEE_ICC_2002_ADDR="New York, USA"}
@STRING{IEEE_ICC_2002_DATE=apr # " 28--" # may # " 2, "} 

@STRING{IEEE_ICC_2001="2001 {IEEE} " # ICC # " (ICC 2001)"}
@STRING{IEEE_ICC_2001_ADDR="St.~Petersburg, Russia"}
@STRING{IEEE_ICC_2001_DATE=jun # " 11--15, "} 

@STRING{IEEE_ICC_2000="2000 {IEEE} " # ICC # " (ICC 2000)"}
@STRING{IEEE_ICC_2000_ADDR="New Orleans, USA"}
@STRING{IEEE_ICC_2000_DATE=jun # " 18--22, "} 

@STRING{IEEE_ICC_1999="1999 {IEEE} " # ICC # " (ICC 1999)"}
@STRING{IEEE_ICC_1999_ADDR="Vancouver, Canada"}
@STRING{IEEE_ICC_1999_DATE=jun # " 6--10, "} 

@STRING{IEEE_ICC_1998="1998 {IEEE} " # ICC # " (ICC 1998)"}
@STRING{IEEE_ICC_1998_ADDR="Atlanta, USA"}
@STRING{IEEE_ICC_1998_DATE=jun # " 7--11, "} 

@STRING{IEEE_ICC_1997="1997 {IEEE} " # ICC # " (ICC 1997)"}
@STRING{IEEE_ICC_1997_ADDR="Montreal, Canada"}
@STRING{IEEE_ICC_1997_DATE=jun # " 8--12, "} 

@STRING{IEEE_ICC_1996="1996 {IEEE} " # ICC # " (ICC 1996)"}
@STRING{IEEE_ICC_1996_ADDR="Dallas, USA"}
@STRING{IEEE_ICC_1996_DATE=jun # " 23--27, "} 

@STRING{IEEE_ICC_1995="1995 {IEEE} " # ICC # " (ICC 1995)"}
@STRING{IEEE_ICC_1995_ADDR="Seattle, USA"}
@STRING{IEEE_ICC_1995_DATE=jun # " 18--22, "} 

IEEE Veh. Technol. Conf.
@STRING{IEEE_VTC_2011F="{IEEE} 74th " # VTC # " (VTC 2011-Fall)"}
@STRING{IEEE_VTC_2011F_ADDR="San Francisco, USA"}
@STRING{IEEE_VTC_2011F_DATE=sep # " 5--8, "}

@STRING{IEEE_VTC_2011S="{IEEE} 73rd " # VTC # " (VTC 2011-Spring)"}
@STRING{IEEE_VTC_2011S_ADDR="Budapest, Hungary"}
@STRING{IEEE_VTC_2011S_DATE=may # " 15--18, "}

@STRING{IEEE_VTC_2010F="{IEEE} 72nd " # VTC # " (VTC 2010-Fall)"}
@STRING{IEEE_VTC_2010F_ADDR="Ottawa, Canada"}
@STRING{IEEE_VTC_2010F_DATE=sep # " 6--9, "}

@STRING{IEEE_VTC_2010S="{IEEE} 71st " # VTC # " (VTC 2010-Spring)"}
@STRING{IEEE_VTC_2010S_ADDR="Taipei, Taiwan"}
@STRING{IEEE_VTC_2010S_DATE=may # " 16--19, "}

@STRING{IEEE_VTC_2009F="{IEEE} 70th " # VTC # " (VTC 2009-Fall)"}
@STRING{IEEE_VTC_2009F_ADDR="Anchorage, USA"}
@STRING{IEEE_VTC_2009F_DATE=sep # " 20--23, "}
@STRING{IEEE_VTC_2009F_RATE="53\%"}

@STRING{IEEE_VTC_2009S="{IEEE} 69th " # VTC # " (VTC 2009-Spring)"}
@STRING{IEEE_VTC_2009S_ADDR="Barcelona, Spain"}
@STRING{IEEE_VTC_2009S_DATE=apr # " 26--29, "}

@STRING{IEEE_VTC_2008F="{IEEE} 68th " # VTC # " (VTC 2008-Fall)"}
@STRING{IEEE_VTC_2008F_ADDR="Calgary, Canada"}
@STRING{IEEE_VTC_2008F_DATE=sep # " 21--24, "}

@STRING{IEEE_VTC_2008S="{IEEE} 67th " # VTC # " (VTC 2008-Spring)"}
@STRING{IEEE_VTC_2008S_ADDR="Marina Bay, Singapore"}
@STRING{IEEE_VTC_2008S_DATE=may # " 11--14, "}

@STRING{IEEE_VTC_2007F="{IEEE} 66th " # VTC # " (VTC 2007-Fall)"}
@STRING{IEEE_VTC_2007F_ADDR="Baltimore, USA"}
@STRING{IEEE_VTC_2007F_DATE=sep # " 30--" # oct # " 3, "}

@STRING{IEEE_VTC_2007S="{IEEE} 65th " # VTC # " (VTC 2007-Spring)"}
@STRING{IEEE_VTC_2007S_ADDR="Dublin, Ireland"}
@STRING{IEEE_VTC_2007S_DATE=apr # " 22--25, "}

@STRING{IEEE_VTC_2006F="{IEEE} 64th " # VTC # " (VTC 2006-Fall)"}
@STRING{IEEE_VTC_2006F_ADDR="Montr\'eal, Canada"}
@STRING{IEEE_VTC_2006F_DATE=sep # " 25--28, "}

@STRING{IEEE_VTC_2006S="{IEEE} 63rd " # VTC # " (VTC 2006-Spring)"}
@STRING{IEEE_VTC_2006S_ADDR="Melbourne, Australia"}
@STRING{IEEE_VTC_2006S_DATE=may # " 7--10, "}

@STRING{IEEE_VTC_2005F="{IEEE} 62nd " # VTC # " (VTC 2005-Fall)"}
@STRING{IEEE_VTC_2005F_ADDR="Dallas, USA"}
@STRING{IEEE_VTC_2005F_DATE=sep # " 25--28, "}

@STRING{IEEE_VTC_2005S="{IEEE} 61st " # VTC # " (VTC 2005-Spring)"}
@STRING{IEEE_VTC_2005S_ADDR="Stockholm, Sweden"}
@STRING{IEEE_VTC_2005S_DATE=may # " 30--" # jun # " 1, "}

@STRING{IEEE_VTC_2004F="{IEEE} 60th " # VTC # " (VTC 2004-Fall)"}
@STRING{IEEE_VTC_2004F_ADDR="Los Angeles, USA"}
@STRING{IEEE_VTC_2004F_DATE=sep # " 26--29, "}

@STRING{IEEE_VTC_2004S="{IEEE} 59th " # VTC # " (VTC 2004-Spring)"}
@STRING{IEEE_VTC_2004S_ADDR="Milan, Italy"}
@STRING{IEEE_VTC_2004S_DATE=may # " 17--19, "}

@STRING{IEEE_VTC_2003F="{IEEE} 58th " # VTC # " (VTC 2003-Fall)"}
@STRING{IEEE_VTC_2003F_ADDR="Orlando, USA"}
@STRING{IEEE_VTC_2003F_DATE=oct # " 6--9, "}

@STRING{IEEE_VTC_2003S="{IEEE} 57th " # VTC # " (VTC 2003-Spring)"}
@STRING{IEEE_VTC_2003S_ADDR="Jeju , South Korea"}
@STRING{IEEE_VTC_2003S_DATE=apr # " 22--25, "}

@STRING{IEEE_VTC_2002F="{IEEE} 56th " # VTC # " (VTC 2002-Fall)"}
@STRING{IEEE_VTC_2002F_ADDR="Vancouver, Canada"}
@STRING{IEEE_VTC_2002F_DATE=sep # " 24--28, "}

@STRING{IEEE_VTC_2002S="{IEEE} 55th " # VTC # " (VTC 2002-Spring)"}
@STRING{IEEE_VTC_2002S_ADDR="Birmingham, USA"}
@STRING{IEEE_VTC_2002S_DATE=may # " 6--9, "}

@STRING{IEEE_VTC_2001F="{IEEE} 54th " # VTC # " (VTC 2001-Fall)"}
@STRING{IEEE_VTC_2001F_ADDR="Atlantic City, USA"}
@STRING{IEEE_VTC_2001F_DATE=oct # " 7--11, "}

@STRING{IEEE_VTC_2001S="{IEEE} 53rd " # VTC # " (VTC 2001-Spring)"}
@STRING{IEEE_VTC_2001S_ADDR="Rhodes, Greece"}
@STRING{IEEE_VTC_2001S_DATE=may # " 6--9, "}

IEEE Intl. Symp. Inf. Theory
@STRING{IEEE_ISIT_2011="2011 {IEEE} " # ISIT # " (ISIT 2011)"}
@STRING{IEEE_ISIT_2011_ADDR="Saint Petersburg"}
@STRING{IEEE_ISIT_2011_DATE=jul # " 31--" # aug # " 5, "}

@STRING{IEEE_ISIT_2010="2010 {IEEE} " # ISIT # " (ISIT 2010)"}
@STRING{IEEE_ISIT_2010_ADDR="Austin, USA"}
@STRING{IEEE_ISIT_2010_DATE=jun # " 13--18, "}

@STRING{IEEE_ISIT_2009="2009 {IEEE} " # ISIT # " (ISIT 2009)"}
@STRING{IEEE_ISIT_2009_ADDR="Seoul, Korea"}
@STRING{IEEE_ISIT_2009_DATE=jun # " 28--" # jul # " 3, "}

@STRING{IEEE_ISIT_2008="2008 {IEEE} " # ISIT # " (ISIT 2008)"}
@STRING{IEEE_ISIT_2008_ADDR="Toronto, Canada"}
@STRING{IEEE_ISIT_2008_DATE=jul # " 6--11, "}

@STRING{IEEE_ISIT_2007="2007 {IEEE} " # ISIT # " (ISIT 2007)"}
@STRING{IEEE_ISIT_2007_ADDR="Nice, France"}
@STRING{IEEE_ISIT_2007_DATE=jun # " 24--29, "}

@STRING{IEEE_ISIT_2006="2006 {IEEE} " # ISIT # " (ISIT 2006)"}
@STRING{IEEE_ISIT_2006_ADDR="Seattle, USA"}
@STRING{IEEE_ISIT_2006_DATE=jul # " 9--14, "}

@STRING{IEEE_ISIT_2005="2005 {IEEE} " # ISIT # " (ISIT 2005)"}
@STRING{IEEE_ISIT_2005_ADDR="Adelaide, Australia"}
@STRING{IEEE_ISIT_2005_DATE=sep # " 4--9, "}

Ann. Conf. Inf. Sci. Syst.
@STRING{CISS_ADDR_JHU="Baltimore, USA"}
@STRING{CISS_ADDR_PRC="Princeton, USA"}

@STRING{CISS_2011="45th " # CISS # " (CISS 2011)"}
@STRING{CISS_2011_ADDR=CISS_ADDR_JHU}
@STRING{CISS_2011_DATE=mar # "23--25, "}

@STRING{CISS_2010="44th " # CISS # " (CISS 2010)"}
@STRING{CISS_2010_ADDR=CISS_ADDR_PRC}
@STRING{CISS_2010_DATE=mar # " 17--19, "}

@STRING{CISS_2009="43rd " # CISS # " (CISS 2009)"}
@STRING{CISS_2009_ADDR=CISS_ADDR_JHU}
@STRING{CISS_2009_DATE=mar # "18--20, "}

@STRING{CISS_2008="42nd " # CISS # " (CISS 2008)"}
@STRING{CISS_2008_ADDR=CISS_ADDR_PRC}
@STRING{CISS_2008_DATE=mar # "19--21, "}

@STRING{CISS_2007="41st " # CISS # " (CISS 2007)"}
@STRING{CISS_2007_ADDR=CISS_ADDR_JHU}
@STRING{CISS_2007_DATE=mar # "14--16, "}

Ann. Asilomar Conf. Signals, Syst., Comput. 
@STRING{ACSSC_ADDR="Pacific Grove, USA"}

@STRING{ACSSC_2011="45th " # ACSSC # " (ACSSC 2011)"}
@STRING{ACSSC_2011_ADDR=ACSSC_ADDR}
@STRING{ACSSC_2011_DATE=nov # " 6--9, "}

@STRING{ACSSC_2010="44th " # ACSSC # " (ACSSC 2010)"}
@STRING{ACSSC_2010_ADDR=ACSSC_ADDR}
@STRING{ACSSC_2010_DATE=nov # " 7--10, "}

@STRING{ACSSC_2009="43rd " # ACSSC # " (ACSSC 2009)"}
@STRING{ACSSC_2009_ADDR=ACSSC_ADDR}
@STRING{ACSSC_2009_DATE=nov # " 1--4, "}

@STRING{ACSSC_2008="42nd " # ACSSC # " (ACSSC 2008)"}
@STRING{ACSSC_2008_ADDR=ACSSC_ADDR}
@STRING{ACSSC_2008_DATE=oct # " 26--29, "}

@STRING{ACSSC_2007="41st " # ACSSC # " (ACSSC 2007)"}
@STRING{ACSSC_2007_ADDR=ACSSC_ADDR}
@STRING{ACSSC_2007_DATE=nov # " 4--7, "}

@STRING{ACSSC_2006="40th " # ACSSC # " (ACSSC 2006)"}
@STRING{ACSSC_2006_ADDR=ACSSC_ADDR}
@STRING{ACSSC_2006_DATE=oct # " 29--" # nov # " 1, "}

@STRING{ACSSC_2005="39th " # ACSSC # " (ACSSC 2005)"}
@STRING{ACSSC_2005_ADDR=ACSSC_ADDR}
@STRING{ACSSC_2005_DATE=oct # " 30--" # nov # " 2, "}

@STRING{ACSSC_2004="38th " # ACSSC # " (ACSSC 2004)"}
@STRING{ACSSC_2004_ADDR=ACSSC_ADDR}
@STRING{ACSSC_2004_DATE=nov # " 7--10, "}

@STRING{ACSSC_2003="37th " # ACSSC # " (ACSSC 2003)"}
@STRING{ACSSC_2003_ADDR=ACSSC_ADDR}
@STRING{ACSSC_2003_DATE=nov # " 9--12, "}

@STRING{ACSSC_2002="36th " # ACSSC # " (ACSSC 2005)"}
@STRING{ACSSC_2002_ADDR=ACSSC_ADDR}
@STRING{ACSSC_2002_DATE=nov # " 3--6, "}

@STRING{ACSSC_2001="35th " # ACSSC # " (ACSSC 2004)"}
@STRING{ACSSC_2001_ADDR=ACSSC_ADDR}
@STRING{ACSSC_2001_DATE=nov # " 4--7, "}

@STRING{ACSSC_2000="34th " # ACSSC # " (ACSSC 2003)"}
@STRING{ACSSC_2000_ADDR=ACSSC_ADDR}
@STRING{ACSSC_2000_DATE=oct # " 29--" # nov # " 1, "}

Ann. Allerton Conf. Commun., Contr., Comput.
@STRING{ACCCC_ADDR="Allerton House, USA"}

@STRING{ACCCC_2011="49th " # ACCCC # " (ACCCC 2011)"}
@STRING{ACCCC_2011_ADDR=ACCCC_ADDR}
@STRING{ACCCC_2011_DATE=sep # " 28--30, "}

@STRING{ACCCC_2010="48th " # ACCCC # " (ACCCC 2010)"}
@STRING{ACCCC_2010_ADDR=ACCCC_ADDR}
@STRING{ACCCC_2010_DATE=sep # " 29--" # oct # " 1, "}

@STRING{ACCCC_2009="47th " # ACCCC # " (ACCCC 2009)"}
@STRING{ACCCC_2009_ADDR=ACCCC_ADDR}
@STRING{ACCCC_2009_DATE=sep # " 30--" # oct # " 2, "}
 
@STRING{ACCCC_2008="46th " # ACCCC # " (ACCCC 2008)"}
@STRING{ACCCC_2008_ADDR=ACCCC_ADDR}
@STRING{ACCCC_2008_DATE=sep # " 23--26, "}

@STRING{ACCCC_2007="45th " # ACCCC # " (ACCCC 2007)"}
@STRING{ACCCC_2006="44th " # ACCCC # " (ACCCC 2006)"}
@STRING{ACCCC_2005="43rd " # ACCCC # " (ACCCC 2005)"}
@STRING{ACCCC_2004="42nd " # ACCCC # " (ACCCC 2004)"}
@STRING{ACCCC_2003="41st " # ACCCC # " (ACCCC 2003)"}
@STRING{ACCCC_2002="40th " # ACCCC # " (ACCCC 2002)"}
@STRING{ACCCC_2001="39th " # ACCCC # " (ACCCC 2001)"}
@STRING{ACCCC_2000="38th " # ACCCC # " (ACCCC 2000)"}

IEEE Intl. Conf. Acoust., Speech, Signal Process.
@STRING{IEEE_ICASSP_2011="2011 {IEEE} " # ICASSP # " (ICASSP 2011)"}
@STRING{IEEE_ICASSP_2011_ADDR="Prague, Czech Republic"}
@STRING{IEEE_ICASSP_2011_DATE=may # " 22--27, "}

@STRING{IEEE_ICASSP_2010="2010 {IEEE} " # ICASSP # " (ICASSP 2010)"}
@STRING{IEEE_ICASSP_2010_ADDR="Dallas, USA"}
@STRING{IEEE_ICASSP_2010_DATE=mar # " 14--19, "}

@STRING{IEEE_ICASSP_2009="2009 {IEEE} " # ICASSP # " (ICASSP 2009)"}
@STRING{IEEE_ICASSP_2009_ADDR="Taipei, Taiwan"}
@STRING{IEEE_ICASSP_2009_DATE=apr # " 19--24, "}

@STRING{IEEE_ICASSP_2008="2008 {IEEE} " # ICASSP # " (ICASSP 2008)"}
@STRING{IEEE_ICASSP_2008_ADDR="Las Vegas, Nevada, USA"}
@STRING{IEEE_ICASSP_2008_DATE=mar # "  30--" # apr # "4, "}

@STRING{IEEE_ICASSP_2007="2007 {IEEE} " # ICASSP # " (ICASSP 2007)"}
@STRING{IEEE_ICASSP_2007_ADDR="Honolulu, Hawaii, USA"}
@STRING{IEEE_ICASSP_2007_DATE=apr # "15--20, "}

@STRING{IEEE_ICASSP_2006="2006 {IEEE} " # ICASSP # " (ICASSP 2006)"}
@STRING{IEEE_ICASSP_2006_ADDR="Toulouse, France"}
@STRING{IEEE_ICASSP_2006_DATE=may # "14--19, "}

@STRING{IEEE_ICASSP_2005="2005 {IEEE} " # ICASSP # " (ICASSP 2005)"}
@STRING{IEEE_ICASSP_2005_ADDR="Toulouse, France"}
@STRING{IEEE_ICASSP_2005_DATE=may # "15--19, "}


IEEE Mil. Commun. Conf.
@STRING{IEEE_MILCOM_2010_ADDR="San Jose, USA"}
@STRING{IEEE_MILCOM_2010_DATE=oct # "31--" # nov # "3, "}

@STRING{IEEE_MILCOM_2009_ADDR="Boston, USA"}
@STRING{IEEE_MILCOM_2009_DATE=oct # "18--21, "}

@STRING{IEEE_MILCOM_2008_ADDR="San Diego, USA"}
@STRING{IEEE_MILCOM_2008_DATE=nov # "17--19, "}

@STRING{IEEE_MILCOM_2007_ADDR="Orlando, USA"}
@STRING{IEEE_MILCOM_2007_DATE=oct # "29--31, "}

@STRING{IEEE_MILCOM_2006_ADDR="Washington, DC, USA"}
@STRING{IEEE_MILCOM_2006_DATE=oct # "23--25, "}

@STRING{IEEE_MILCOM_2005_ADDR="Atlantic City, USA"}
@STRING{IEEE_MILCOM_2005_DATE=oct # "17--20, "}

@STRING{IEEE_MILCOM_2004_ADDR="Monterey, USA"}
@STRING{IEEE_MILCOM_2004_DATE=oct # "31--" # nov # "3, "}

@STRING{IEEE_MILCOM_2003_ADDR="Boston, USA"}
@STRING{IEEE_MILCOM_2003_DATE=oct # "13--16, "}

IEEE Intl. Symp. Personal, Indoor, Mobile Radio Commun.
@STRING{IEEE_PIMRC_2010_ADDR="Istanbul, Turkey"}
@STRING{IEEE_PIMRC_2010_DATE=sep # "26--29, "}

@STRING{IEEE_PIMRC_2009_ADDR="Tokyo, Japan"}
@STRING{IEEE_PIMRC_2009_DATE=sep # "13--16, "}

@STRING{IEEE_PIMRC_2008_ADDR="Cannes, France"}
@STRING{IEEE_PIMRC_2008_DATE=sep # "15--18, "}

@STRING{IEEE_PIMRC_2007_ADDR="Athens, Greece"}
@STRING{IEEE_PIMRC_2007_DATE=sep # "3--7, "}

@STRING{IEEE_PIMRC_2006_ADDR=""}
@STRING{IEEE_PIMRC_2006_DATE=sep # ", "}

@STRING{IEEE_PIMRC_2005_ADDR=""}
@STRING{IEEE_PIMRC_2005_DATE=sep # ", "}

@STRING{IEEE_PIMRC_2004_ADDR="Barcelona, Spain"}
@STRING{IEEE_PIMRC_2004_DATE=sep # " 5--8, "}

IEEE Conf. Comput. Commun.
@STRING{IEEE_INFOCOM_2011="{IEEE} " # INFOCOM # " (INFOCOM 2011)"}
@STRING{IEEE_INFOCOM_2011_ADDR="Shanghai, China"}
@STRING{IEEE_INFOCOM_2011_DATE=apr # " 10--15, "}

@STRING{IEEE_INFOCOM_2010_ADDR="San Diego, USA"}
@STRING{IEEE_INFOCOM_2010_DATE=mar # " 15--19, "}

@STRING{IEEE_INFOCOM_2009_ADDR="Rio de Janeiro, Brazil"}
@STRING{IEEE_INFOCOM_2009_DATE=apr # " 19--25, "}

@STRING{IEEE_INFOCOM_2008_ADDR="Phoenix, USA"}
@STRING{IEEE_INFOCOM_2008_DATE=apr # " 13--17, "}

@STRING{IEEE_INFOCOM_2007_ADDR="Anchorage, USA"}
@STRING{IEEE_INFOCOM_2007_DATE=may # " 6--12, "}

@STRING{IEEE_INFOCOM_2006_ADDR="Barcelona, Spain"}
@STRING{IEEE_INFOCOM_2006_DATE=apr # " 23--29, "}

@STRING{IEEE_INFOCOM_2005_ADDR="Miami, USA"}
@STRING{IEEE_INFOCOM_2005_DATE=mar # " 13--17, "}

@STRING{IEEE_INFOCOM_2004_ADDR="Hong Kong, China"}
@STRING{IEEE_INFOCOM_2004_DATE=mar # " 7--11, "}

@STRING{IEEE_INFOCOM_2003_ADDR="San Francisco, USA"}
@STRING{IEEE_INFOCOM_2003_DATE=mar # " 30--" # apr # " 3, "}

Intl. Conf. Commun. Syst. Softw. Middleware
@STRING{COMSWARE_2007_DATE="Bangalore, India"}
@STRING{COMSWARE_2007_ADDR=jan # "7--12, "}

IEEE Intl. Workshop Signal Process. Adv. Wireless Commun.
@STRING{IEEE_SPAWC_2005_ADDR="New York, USA"}
@STRING{IEEE_SPAWC_2005_DATE=jun # " 5--8, "}


IEEE Radio Wireless Symp.
@STRING{IEEE_RWS_2011="2011 {IEEE} " # RWS # " (RWS 2011)"}
@STRING{IEEE_RWS_2011_ADDR="Phoenix, USA"}
@STRING{IEEE_RWS_2011_DATE=jan # " 16--20, "}

@STRING{IEEE_RWS_2010="2010 {IEEE} " # RWS # " (RWS 2010)"}
@STRING{IEEE_RWS_2010_ADDR="New Orleans, USA"}
@STRING{IEEE_RWS_2010_DATE=jan # " 10--14, "}

@STRING{IEEE_RWS_2009="2009 {IEEE} " # RWS # " (RWS 2009)"}
@STRING{IEEE_RWS_2009_ADDR="San Diego, USA"}
@STRING{IEEE_RWS_2009_DATE=jan # " 18--22, "}

@STRING{IEEE_RWS_2008="2008 {IEEE} " # RWS # " (RWS 2008)"}
@STRING{IEEE_RWS_2008_ADDR="Orlando, USA"}
@STRING{IEEE_RWS_2008_DATE=jan # " 22--24, "}

@STRING{IEEE_RWS_2007="2007 {IEEE} " # RWS # " (RWS 2007)"}
@STRING{IEEE_RWS_2007_ADDR="Long Beach, USA"}
@STRING{IEEE_RWS_2007_DATE=jan # " 9--11, "}

@STRING{IEEE_RWS_2006="2006 {IEEE} " # RWS # " (RWS 2006)"}
@STRING{IEEE_RWS_2006_ADDR="San Diego, USA"}
@STRING{IEEE_RWS_2006_DATE=jan # " 17--19, "}

IEEE Info. Theory Workshop
@STRING{IEEE_ITW_2009="2009 {IEEE} " # ITW # " (ITW 2009)"}
@STRING{IEEE_ITW_2009_ADDR="Taormina, Italy"}
@STRING{IEEE_ITW_2009_DATE=oct # " 11--16, "}

Inf. Theory Appl. Workshop
@STRING{ITA_ADDR="San Diego, USA"}

@STRING{ITA_2011="2011 " # ITA # " (ITA 2011)"}
@STRING{ITA_2011_ADDR=ITA_ADDR}
@STRING{ITA_2011_DATE=feb # " 6--11, "}

@STRING{ITA_2010="2010 " # ITA # " (ITA 2010)"}
@STRING{ITA_2010_ADDR=ITA_ADDR}
@STRING{ITA_2010_DATE=jan # " 31--" # feb # " 5, "}

@STRING{ITA_2009="2009 " # ITA # " (ITA 2009)"}
@STRING{ITA_2009_ADDR=ITA_ADDR}
@STRING{ITA_2009_DATE=feb # " 8--13, "}

@STRING{ITA_2008="2008 " # ITA # " (ITA 2008)"}
@STRING{ITA_2008_ADDR=ITA_ADDR}
@STRING{ITA_2008_DATE=jan # " 27--" # feb # " 1, "}


Statistics
@STRING{ASMDA_2007="12th " # ASMDA # " (ASMDA 2007)"}
@STRING{ASMDA_2007_ADDR="Chania, Greece"}
@STRING{ASMDA_2007_DATE=may # "29--" # jun # " 1, "}

Intl. Conf. Commun. Netw. China
@STRING{CHINACOM_2009="4th " # CHINACOM # " (ChinaCOM 2009)"}
@STRING{CHINACOM_2009_ADDR="Xi'an, China"}
@STRING{CHINACOM_2009_DATE=aug # " 26--28, "}

Euro. Wireless Conf.
@STRING{EWC_2011="17th " # EWC # " (EWC 2011)"}
@STRING{EWC_2011_ADDR="Vienna, Austria"}
@STRING{EWC_2011_DATE=apr # " 27--29, "}