@Comment conffull.bib
@Comment V1.0 (2010/06/27)
@Comment Copyright (c) 2010 by Yu Zhang
@Comment See: http://code.google.com/p/buptthesis/
@Comment for current contact information.

@Comment BibTeX bibliography string definitions of the FULL titles 
@Comment of conferences.

@Comment communications
@STRING{GLOBECOM="Global Telecommunication Conference"}

@STRING{ICC="International Conference on Communications"}

@STRING{MILCOM="Military Communications Conference"}

@STRING{WCNC="Wireless Communications and Networking Conference"}

@STRING{PIMRC="International Symposium on Personal, Indoor and Mobile Radio Communications"}

@STRING{VTC="Vehicular Technology Conference"}

@Comment coding, data, information, knowledge
@STRING{ISIT="International Symposium on Information Theory"}

@STRING{CISS="Annual Conference on Information Sciences and Systems"}

@STRING{ACSSC="{Asilomar} Conference on Signals, Systems, and Computers"}

@STRING{ALLERTON="Annual {Allerton} Conference on Communication, Control, and Computing"}

@STRING{INFOCOM="Conference on Computer Communications"}

@STRING{COMSWARE="International Conference on Communication Systems Software and Middleware"}

@STRING{SPAWC="Workshop on Signal Signal Processing Advances in Wireless Communications"}

@STRING{ICASSP="International Conference on Acoustics, Speech and Signal Processing"}

@STRING{ITA="Information Theory and Applications Workshop"}

@STRING{ADMDA="International Conference on Applied Stochastic Models and Data Analysis"}

@STRING{CHINACOM="International Conference on Communications and Networking in China"}

@STRING{EWC="European Wireless Conference"}

@STRING{WIOPT="International Symposium on Modeling and Optimization in Mobile, Ad Hoc, and Wireless Networks"}