@Comment confabrv.bib
@Comment V1.0 (2010/06/27)
@Comment Copyright (c) 2010 by Yu Zhang
@Comment See: http://code.google.com/p/buptthesis/
@Comment for current contact information.

@Comment BibTeX bibliography string definitions of the FULL titles 
@Comment of conferences.

@Comment Communications
@STRING{GLOBECOM="Global Telecommun. Conf."}

@STRING{ICC="Intl. Conf. Commun."}

@STRING{MILCOM="Mil. Commun. Conf."}

@STRING{WCNC="Wireless Commun. Netw. Conf."}

@STRING{PIMRC="Intl. Symp. Personal, Indoor, Mobile Radio Commun."}

@STRING{VTC="Veh. Technol. Conf."}

@STRING{ISIT="Intl. Symp. Inf. Theory"}

@STRING{RWS="Radio Wireless Symp."}

@STRING{CISS="Ann. Conf. Inf. Sci. Syst."}

@STRING{ACSSC="{Asilomar} Conf. Signals, Syst., Comput."}

@STRING{ACCCC="{Allerton} Conf. Commun., Contr., Comput."}

@STRING{INFOCOM="Conf. Comput. Commun."}

@STRING{COMSWARE="Intl. Conf. Commun. Syst. Softw. Middleware"}

@STRING{SPAWC="Workshop Signal Process. Adv. Wireless Commun."}

@STRING{ICASSP="Intl. Conf. Acoust., Speech, Signal Process."}

@STRING{ITA="Inf. Theory Appl. Workshop"}

@STRING{ASMDA="Intl. Conf. Appl. Stoch. Models Data Anal."}

@STRING{CHINACOM="Intl. Conf. Commun. Netw. China"}

@STRING{EWC="Euro. Wireless Conf."}

@STRING{WIOPT="Intl. Symp. Modeling Opt. Mobile, Ad Hoc, Wireless Netw."}