@Comment jrnlfull.bib
@Comment V1.0 (2010/06/27)
@Comment Copyright (c) 2010 by Yu Zhang
@Comment See: http://code.google.com/p/buptthesis/
@Comment for current contact information.
@Comment 
@Comment BibTeX bibliography string definitions of the FULL titles 
@Comment of journals.

@Comment Communications
@STRING{KICS_J_CN="Journal of Communications and Networks"}
@STRING{ETRI_J="{ETRI} Journal"}
@STRING{EURASIP_J_WCN="{EURASIP} Journal on Wireless Communications and Networking"}
@STRING{EURASIP_J_ASP="{EURASIP} Journal on Advances in Signal Processing"}
@STRING{IEICE_J_COM="{IEICE} Transactions on Communications"}

@Comment Mathematics
@STRING{SIAM_J_MAA="{SIAM} Journal on Matrix Analysis and Applications"}