@Comment jrnlabrv.bib
@Comment V1.0 (2010/06/27)
@Comment Copyright (c) 2010 by Yu Zhang
@Comment See: http://code.google.com/p/buptthesis/
@Comment for current contact information.
@Comment 
@Comment BibTeX bibliography string definitions of the FULL titles 
@Comment of conferences.

@Comment communications
@STRING{KICS_J_CN="J. Commun. Netw."}
@STRING{ETRI_J="{ETRI} J."}
@STRING{EURASIP_J_WCN="{EURASIP} J. Wireless Commun. Netw."}
@STRING{EURASIP_J_ASP="{EURASIP} J. Adv. Signal Process."}
@STRING{IEICE_J_COM="{IEICE} Trans. Commun."}

@STRING{J_BJTU="J. Beijing Jiaotong Univ."}

@Comment mathematics
@STRING{SIAM_J_MAA="{SIAM} J. Matrix Anal. Appl."}
